%% This BibTeX bibliography file was created using BibDesk.
%% http://bibdesk.sourceforge.net/


%% Created for Lauro Cesar Araujo at 2013-04-05 08:03:49 -0300 


%% Saved with string encoding Unicode (UTF-8) 

@BOOK{KR09,
  title = {Computer Networking: A Top-Down Approach},
  publisher = {Addison-Wesley Publishing Company},
  year = {2009},
  author = {Kurose, James F. and Ross, Keith W.},
  address = {USA},
  edition = {5th},
  abstract = {Certain data-communication protocols hog the spotlight, but all of
	them have a lot in common. Computer Networking: A Top-Down Approach
	Featuring the Internet explains the engineering problems that are
	inherent in communicating digital information from point to point.
	The top-down approach mentioned in the subtitle means that the book
	starts at the top of the protocol stack--at the application layer--and
	works its way down through the other layers, until it reaches bare
	wire. The authors, for the most part, shun the well-known seven-layer
	Open Systems Interconnection (OSI) protocol stack in favor of their
	own five-layer (application, transport, network, link, and physical)
	model. It's an effective approach that helps clear away some of the
	hand waving traditionally associated with the more obtuse layers
	in the OSI model. The approach is definitely theoretical--don't look
	here for instructions on configuring Windows 2000 or a Cisco router--but
	it's relevant to reality, and should help anyone who needs to understand
	networking as a programmer, system architect, or even administration
	guru.The treatment of the network layer, at which routing takes place,
	is typical of the overall style. In discussing routing, authors James
	Kurose and Keith Ross explain (by way of lots of clear, definition-packed
	text) what routing protocols need to do: find the best route to a
	destination. Then they present the mathematics that determine the
	best path, show some code that implements those algorithms, and illustrate
	the logic by using excellent conceptual diagrams. Real-life implementations
	of the algorithms--including Internet Protocol (both IPv4 and IPv6)
	and several popular IP routing protocols--help you to make the transition
	from pure theory to networking technologies. --David WallTopics covered:
	The theory behind data networks, with thorough discussion of the
	problems that are posed at each level (the application layer gets
	plenty of attention). For each layer, there's academic coverage of
	networking problems and solutions, followed by discussion of real
	technologies. Special sections deal with network security and transmission
	of digital multimedia.},
  added-at = {2010-02-04T15:36:38.000+0100},
  biburl = {http://www.bibsonomy.org/bibtex/2dbdb2b09c92e570de0e3ae3a3d6eb6b4/lysander07},
  description = {Computer Networking},
  interhash = {bb096c0cd46e1cad21b47ba08899d310},
  intrahash = {dbdb2b09c92e570de0e3ae3a3d6eb6b4},
  isbn = {0136079679, 9780136079675},
  keywords = {internet networking www02 wwwbook wwwkap4},
  timestamp = {2010-02-04T15:36:38.000+0100},
}

@book{kurose2013computer,
  title={Computer Networking: A Top-down Approach},
  author={Kurose, J.F. and Ross, K.W.},
  isbn={9780132856201},
  lccn={2011048215},
  url={https://books.google.com.br/books?id=fWg5pwAACAAJ},
  year={2013},
  publisher={Pearson}
}

@ARTICLE{Wang06asurvey,
  author = {Chonggang Wang and Mahmoud Daneshmand and Bo Li and Kazem Sohraby},
  title = {A survey of transport protocols for wireless sensor networks},
  journal = {IEEE Network, May/June},
  year = {2006},
  volume = {20},
  pages = {34--40}
}

@ARTICLE{avelar2013,
  author = {Edson Adriano Maravalho Avelar},
  title = "{PMIPFlow}: Uma proposta para gerenciamento de mobilidade em redes definidas por software",
  journal = {Universidade Federal de Pernambuco},
  publisher = {Universidade Federal de Pernambuco},
  year = {2013},
  volume = {},
  pages = {},
  url = {http://repositorio.ufpe.br/handle/123456789/11643},
  lastaccess = {06.04.2017}
}

@ARTICLE{almeida2016,
  author = {Gabriel Almeida de Oliveira},
  title = "Uma implementação de mobilidade de dispositivos em
  Openflow",
  journal = {Universidade Federal Fluminense},
  publisher = {Universidade Federal Fluminense},
  year = {2016},
  volume = {},
  pages = {},
  url = {http://www2.ic.uff.br/PosGraduacao/Dissertacoes/718.pdf},
  lastaccess = {06.04.2017}
}
@article {Pizzonia,
    author = {Pizzonia, Maurizio and Rimondini, Massimo},
    title = {Netkit: network emulation for education},
    journal = {Software: Practice and Experience},
    volume = {46},
    number = {2},
    publisher = {John Wiley e Sons, Ltd},
    issn = {1097-024X},
    url = {http://dx.doi.org/10.1002/spe.2273},
    lastaccess = {06.04.2017},
    doi = {10.1002/spe.2273},
    pages = {133--165},
    keywords = {emulation, computer networks, didactics, teaching, virtualization, Netkit},
    year = {2016},
}

@proceedings{cleary2009,
  title        = {PERIMETER: Privacy-preserving contract-less, user centric, seamless roaming for always best connected Future Internet},
  year         = 2009,
  editor       = {Cleary, Frances and Fiedler, Markus and Ridel, Lenny and Cihat Toker, Ahmet},
  volume       = {},
  series       = {},
  address      = {Paris, France},
  month        = May,
  organization = {In: Wireless World Research Forum (WWRF) Meeting 22},
  publisher    = {WWRF},
  note         = {5-7 May}
}

@INPROCEEDINGS{aliahmad2013, 
    author={H. Ali-Ahmad and C. Cicconetti and A. de la Oliva and M. Dräxler and R. Gupta and V. Mancuso and L. Roullet and V. Sciancalepore}, 
    booktitle={2013 Second European Workshop on Software Defined Networks}, 
    title={CROWD: An SDN Approach for DenseNets}, 
    year={2013}, 
    pages={25-31}, 
    keywords={Long Term Evolution;mobility management (mobile radio);radio access networks;wireless LAN;CROWD;DenseNets;LTE cells;RAN;SDN approach;WLAN cells;control overhead;core network;current limitation;energy consumption;heterogeneous wireless networks;maintenance-optimisation;mobile networks;mobility management;network collapse;network operational cost;radio access network;reconfigurable backhaul;software defined network;total traffic volume;traffic demand;traffic forecasts;very-dense wireless networks;Base stations;Computer architecture;IEEE 802.11 Standards;Mobile communication;Optimization;Wireless LAN;Wireless communication}, 
    doi={10.1109/EWSDN.2013.11}, 
    ISSN={2379-0350}, 
    month={Oct},
}
@inproceedings{umldike2001,
 author = {Dike, Jeff},
 title = "{User-Mode Linux}",
 booktitle = {Proceedings of the 5th Annual Linux Showcase \& Conference - Volume 5},
 series = {ALS '01},
 year = {2001},
 location = {Oakland, California},
 pages = {2--2},
 numpages = {1},
 url = {http://dl.acm.org/citation.cfm?id=1268488.1268490},
 acmid = {1268490},
 publisher = {USENIX Association},
 address = {Berkeley, CA, USA},
} 

@inproceedings{bronzino2013,
    author = {Bronzino, Francesco and Nagaraja, Kiran and Seskar, Ivan and Raychaudhuri, Dipankar},
    title = {Network Service Abstractions for a Mobility-centric Future Internet Architecture},
    booktitle = {Proceedings of the Eighth ACM International Workshop on Mobility in the Evolving Internet Architecture},
    series = {MobiArch '13},
    year = {2013},
    isbn = {978-1-4503-2366-6},
    location = {Miami, Florida, USA},
    pages = {5--10},
    numpages = {6},
    url = {http://doi.acm.org/10.1145/2505906.2505908},
    doi = {10.1145/2505906.2505908},
    acmid = {2505908},
    publisher = {ACM},
    address = {New York, NY, USA},
    lastaccess = {06.04.2017}
}

@techreport{CISCO2017,
   AUTHOR = "CISCO",
   TITLE = "{Virtual Network Index 2017}",
   HOWPUBLISHED = {Global Mobile Data Trafic Forecast Update},
   TYPE="{White Paper}",
   NUMBER=1454457600805266,
   PAGES = {1-4},
   YEAR = {2017},
   MONTH = {Março},
   PUBLISHER = "{CISCO}",
   INSTITUTION = "{CISCO}",
   URL={http://www.cisco.com/c/en/us/solutions/collateral/service-provider/visual-networking-index-vni/mobile-white-paper-c11-520862.htmlw},
   lastaccess = {06.04.2017}
}

@techreport{itu2016,
   AUTHOR = "{ITU}",
   TITLE = "{Measuring the Information Society Report 2016}",
   HOWPUBLISHED = {Annual Report},
   TYPE="{Report}",
   NUMBER={ISBN 978-92-61-21431-9},
   PAGES = {225},
   YEAR = {2016},
   MONTH = {},
   PUBLISHER = "{ITU}",
   INSTITUTION = "{ITU}",
   URL={http://www.itu.int/en/ITU-D/Statistics/Documents/publications/misr2016/MISR2016-w4.pdf},
   lastaccess = {08.04.2017}
}
@techreport{RFC2460,
  author = {Stephen E. Deering and Robert M. Hinden},
  title = {Internet Protocol, Version 6 (IPv6) Specification},
  howpublished = {Internet Requests for Comments},
  type = {RFC},
  number = {2460},
  year = {1998},
  month = {December},
  issn = {2070-1721},
  publisher = {RFC Editor},
  institution = {RFC Editor},
  url = {http://www.rfc-editor.org/rfc/rfc2460.txt},
  note = {\url{http://www.rfc-editor.org/rfc/rfc2460.txt}},
}
@ARTICLE{kreutz2015, 
author={D. Kreutz and F. M. V. Ramos and P. E. Veríssimo and C. E. Rothenberg and S. Azodolmolky and S. Uhlig}, 
journal={Proceedings of the IEEE}, 
title={Software-Defined Networking: A Comprehensive Survey}, 
year={2015}, 
volume={103}, 
number={1}, 
pages={14-76}, 
keywords={IP networks;application program interfaces;computer network management;computer network reliability;computer network security;software defined networking;telecommunication network routing;telecommunication traffic;API;IP networks;SDN controllers;SDN infrastructure;SDN position analysis;bottom-up-layered approach;carrier transport networks;cloud providers;control planes;control platform design;cross-layer problems;data planes;debugging;dependability;digital society;hardware infrastructure;logical network control centralization;network applications;network control logic separation;network control problem;network management;network operating systems;network policies;network program;network programming languages;network reconfiguration;network virtualization layers;northbound application programming interface;performance analysis;resiliency analysis;routers;scalability analysis;security analysis;software-defined networking;southbound application programming interface;standardization activities;switch platform design;switching hardware;traffic forwarding;troubleshooting;vertically integrated networks;Communication networks;Computer networks;Control systems;IP networks;Software defined networking;Virtualization;Carrier-grade networks;OpenFlow;dependability;flow-based networking;network hypervisor;network operating systems (NOSs);network virtualization;programmable networks;programming languages;scalability;software-defined environments;software-defined networking (SDN)}, 
doi={10.1109/JPROC.2014.2371999}, 
ISSN={0018-9219}, 
month={Jan},}
@techreport{rfc3220,
   AUTHOR = "Perkins, Charles E.",
   TITLE = "{IP Mobility Suport for IPv4}",
   HOWPUBLISHED = {Internet Requests for Comments},
   TYPE="{RFC}",
   NUMBER=3220,
   PAGES = {1-98},
   YEAR = {1996},
   MONTH = {January},
   PUBLISHER = "{RFC Editor}",
   INSTITUTION = "{IETF}",
   URL={https://www.ietf.org/rfc/rfc3220.txt},
   lastaccess = {06.04.2017}
}
@techreport{RFC1596,
  author = {T. Brown},
  title = {Definitions of Managed Objects for Frame Relay Service},
  howpublished = {Internet Requests for Comments},
  type = {RFC},
  number = {1596},
  year = {1994},
  month = {March},
  issn = {2070-1721},
  publisher = {RFC Editor},
  institution = {RFC Editor},
}
@techreport{rfc793,
   AUTHOR = "Jonathan Bruce Postel",
   TITLE = "{Transmission Control Protocol}",
   HOWPUBLISHED = {Internet Requests for Comments},
   TYPE="{RFC}",
   NUMBER=793,
   PAGES = {1-85},
   YEAR = {1981},
   MONTH = {September},
   PUBLISHER = "{RFC Editor}",
   INSTITUTION = "{IETF}",
   URL={https://www.ietf.org/rfc/rfc793.txt},
   lastaccess = {06.04.2017}
}

@techreport{rfc1122,
   AUTHOR = "Branden, R.",
   TITLE = "{Requirements for Internet Hosts -- Communication Layers}",
   HOWPUBLISHED = {Internet Requests for Comments},
   TYPE="{RFC}",
   NUMBER=1122,
   PAGES = {1-112},
   YEAR = {1989},
   MONTH = {October},
   PUBLISHER = "{RFC Editor}",
   INSTITUTION = "{IETF}",
   URL={https://www.ietf.org/rfc/rfc1122.txt},
   lastaccess = {06.10.2017}
}

@techreport{rfc3775,
   AUTHOR = "D. Johnson and C. Perkins",
   TITLE = "{Mobility Suport in IPv6}",
   HOWPUBLISHED = {Internet Requests for Comments},
   TYPE="{RFC}",
   NUMBER=3775,
   PAGES = {1-165},
   YEAR = {2004},
   MONTH = {June},
   PUBLISHER = "{RFC Editor}",
   INSTITUTION = "{IETF}",
   URL={https://www.ietf.org/rfc/rfc3775.txt},
   lastaccess = {06.04.2017}
}

@inproceedings{perkins1996,
 author = {Perkins, Charles E. and Johnson, David B.},
 title = {Mobility Support in IPv6},
 booktitle = {Proceedings of the 2Nd Annual International Conference on Mobile Computing and Networking},
 series = {MobiCom '96},
 year = {1996},
 isbn = {0-89791-872-X},
 location = {Rye, New York, USA},
 pages = {27--37},
 numpages = {11},
 url = {http://doi.acm.org/10.1145/236387.236400},
 doi = {10.1145/236387.236400},
 acmid = {236400},
 publisher = {ACM},
 address = {New York, NY, USA},
 lastaccess = {06.04.2017}
} 

@techreport{rfc4787,
   AUTHOR = "Francis Audet, Ed., C. Jennings",
   TITLE = "{A Border Gateway Protocol 4 (BGP-4)}",
   HOWPUBLISHED = {Internet Requests for Comments},
   TYPE="{RFC}",
   NUMBER=4787,
   PAGES = {1-29},
   YEAR = {2007},
   MONTH = {January},
   ISSN = {},
   PUBLISHER = "{RFC Editor}",
   INSTITUTION = "{RFC Editor}",
   URL={http://www.rfc-editor.org/rfc/rfc1654.txt},
   lastaccess = {06.04.2017}
}

@article{ietf,
  title={Defining the {IETF}},
  journal={IETF},
  author={Hoffman, Paul and Bradner, Scott},
  year={2002}
}

@book{mobilecomputing,
  title={Mobile computing},
  author={Imielinski, Tomasz and Korth, Henry F},
  volume={353},
  year={1996},
  publisher={Springer Science \& Business Media}
}

@techreport{rfc791,
   AUTHOR = "Jonathan Bruce Postel",
   TITLE = "{Internet protocol RFC 791}",
   HOWPUBLISHED = {Internet Requests for Comments},
   TYPE="{RFC}",
   NUMBER=791,
   PAGES = {1-40},
   YEAR = {1981},
   MONTH = {September},
   PUBLISHER = "{RFC Editor}",
   INSTITUTION = "{IETF}",
   URL={https://www.ietf.org/rfc/rfc791.txt},
   lastaccess = {06.04.2017}
}

@techreport{rfc768,
   AUTHOR = "Jonathan Bruce Postel",
   TITLE = "{Internet protocol RFC 768}",
   HOWPUBLISHED = {Internet Requests for Comments},
   TYPE="{RFC}",
   NUMBER=768,
   PAGES = {1-3},
   YEAR = {1980},
   MONTH = {28August},
   PUBLISHER = "{RFC Editor}",
   INSTITUTION = "{IETF}",
   URL={https://www.ietf.org/rfc/rfc768.txt},
   lastaccess = {06.04.2017}
}

@article{McKeown,
 author = {McKeown, Nick and Anderson, Tom and Balakrishnan, Hari and Parulkar, Guru and Peterson, Larry and Rexford, Jennifer and Shenker, Scott and Turner, Jonathan},
 title = {OpenFlow: Enabling Innovation in Campus Networks},
 journal = {SIGCOMM Comput. Commun. Rev.},
 issue_date = {April 2008},
 volume = {38},
 number = {2},
 month = mar,
 year = {2008},
 issn = {0146-4833},
 pages = {69--74},
 numpages = {6},
 url = {http://doi.acm.org/10.1145/1355734.1355746},
 doi = {10.1145/1355734.1355746},
 acmid = {1355746},
 publisher = {ACM},
 address = {New York, NY, USA},
 keywords = {ethernet switch, flow-based, virtualization},
 lastaccess = {06.04.2017}
} 

@ARTICLE{nunes2014, 
    author={B. A. A. Nunes and M. A. S. Santos and B. T. de Oliveira and C. B. Margi and K. Obraczka and T. Turletti}, 
    journal={IEEE Communications Magazine}, 
    title={Software-defined-networking-enabled capacity sharing in user-centric networks}, 
    year={2014}, 
    volume={52}, 
    number={9}, 
    pages={28-36}, 
    keywords={Internet;mobile ad hoc networks;mobile computing;quality of service;self-adjusting systems;software radio;Internet access;QoS;UCN;ad hoc networks;capacity sharing framework;network connectivity;node admission control;quality of service;resource discovery;self-organizing networks;software defined networking;user-centric networks;wireless nodes;Computer architecture;IEEE 802.11 Standards;Internet;Network security;Quality of service;Resource management;User interfaces}, 
    doi={10.1109/MCOM.2014.6894449}, 
    ISSN={0163-6804}, 
    month={September},
}

@inproceedings{Shalimov2013,
 author = {Shalimov, Alexander and Zuikov, Dmitry and Zimarina, Daria and Pashkov, Vasily and Smeliansky, Ruslan},
 title = {Advanced Study of SDN/OpenFlow Controllers},
 booktitle = {Proceedings of the 9th Central \&\#38; Eastern European Software Engineering Conference in Russia},
 series = {CEE-SECR '13},
 year = {2013},
 isbn = {978-1-4503-2641-4},
 location = {Moscow, Russia},
 pages = {1:1--1:6},
 articleno = {1},
 numpages = {6},
 url = {http://doi.acm.org/10.1145/2556610.2556621},
 lastaccess = {06.04.2017},
 doi = {10.1145/2556610.2556621},
 acmid = {2556621},
 publisher = {ACM},
 address = {New York, NY, USA},
 keywords = {Haskell, OpenFlow, SDN, controllers evaluation, latency, throughput},
} 

@article{raychaudhuri2012,
 author = {Raychaudhuri, Dipankar and Nagaraja, Kiran and Venkataramani, Arun},
 title = {MobilityFirst: A Robust and Trustworthy Mobility-centric Architecture for the Future Internet},
 journal = {SIGMOBILE Mob. Comput. Commun. Rev.},
 issue_date = {July 2012},
 volume = {16},
 number = {3},
 month = dec,
 year = {2012},
 issn = {1559-1662},
 pages = {2--13},
 numpages = {12},
 url = {http://doi.acm.org/10.1145/2412096.2412098},
 lastaccess = {06.04.2017},
 doi = {10.1145/2412096.2412098},
 acmid = {2412098},
 publisher = {ACM},
 address = {New York, NY, USA},
 keywords = {GENI prototyping, future Internet architecture, mobile networks, name resolution, storage-aware routing},
} 
@Article{Zhang2010,
author="Zhang, Qi
and Cheng, Lu
and Boutaba, Raouf",
title="Cloud Computing: state-of-the-art and research challenges",
journal="Journal of Internet Services and Applications",
year="2010",
month="May",
day="01",
volume="1",
number="1",
pages="7--18",
abstract="Cloud computing has recently emerged as a new paradigm for hosting and delivering services over the Internet. Cloud computing is attractive to business owners as it eliminates the requirement for users to plan ahead for provisioning, and allows enterprises to start from the small and increase resources only when there is a rise in service demand. However, despite the fact that cloud computing offers huge opportunities to the IT industry, the development of cloud computing technology is currently at its infancy, with many issues still to be addressed. In this paper, we present a survey of cloud computing, highlighting its key concepts, architectural principles, state-of-the-art implementation as well as research challenges. The aim of this paper is to provide a better understanding of the design challenges of cloud computing and identify important research directions in this increasingly important area.",
issn="1869-0238",
doi="10.1007/s13174-010-0007-6",
url="https://doi.org/10.1007/s13174-010-0007-6"
}


@INPROCEEDINGS{wang2014, 
    author={Y. Wang and J. Bi}, 
    booktitle={2014 23rd International Conference on Computer Communication and Networks (ICCCN)}, 
    title={A solution for IP mobility support in software defined networks}, 
    year={2014}, 
    pages={1-8}, 
    keywords={IP networks;mobility management (mobile radio);protocols;telecommunication network routing;IP mobility support;IP networks;Mininet;Openflow-based protocol design;SDN;handover inefficiency;heavy signaling overhead;mobile IP;software defined networks;triangle routing;Handover;IP networks;Manganese;Protocols;Routing;Switches;home agent;mobile ip;mobility management;openflow;software defined networks}, 
    doi={10.1109/ICCCN.2014.6911783}, 
    ISSN={1095-2055}, 
    month={Aug},
    lastaccess = {06.04.2017}
}

@techreport{rfc3031,
 author = {Rosen, E. and Viswanathan, A. and Callon, R.},
 title = {Multiprotocol Label Switching Architecture},
 year = {2001},
 publisher = {RFC Editor},
 address = {United States},
} 

@INPROCEEDINGS{guedes2012, 
    author={Guedes, D. and Vieira, L. F. M. and Vieira, M. M. and Rodrigues, H. and Nunes, R. V.}, 
    booktitle="{XXX Simposio Brasileiro de Redes de Computadores e Sistemas Distribuidos (SBRC 2012)}", 
    title={Redes definidas por software: uma abordagem sistemica para o desenvolvimento de pesquisas em redes de computadores}, 
    year={2012}, 
    keywords={IP networks;mobility management (mobile radio);protocols;telecommunication network routing;mobility management;openflow;software defined networks}
}

@article{lu2016sdn,
  title={SDN Based User-Centric Framework for Heterogeneous Wireless Networks},
  author={Lu, Zhaoming and Lei, Tao and Wen, Xiangming and Wang, Luhan and Chen, Xin},
  journal={Mobile Information Systems},
  volume={2016},
  year={2016},
  publisher={Hindawi Publishing Corporation}
}


@ARTICLE{willke2009,
  author = {Willke, T.L. and Tientrakool, P. and Maxemchuk, N.F.},
  title = {A survey of inter-vehicle communication protocols and their applications},
  journal = {Communications Surveys Tutorials, IEEE},
  year = {2009},
  volume = {11},
  pages = {3 -20},
  number = {2},
  month = {quarter },
  doi = {10.1109/SURV.2009.090202},
  issn = {1553-877X},
  keywords = {adaptive traffic control;coordinated braking;intervehicle communication
	protocols;mobile ad hoc networks;mobile computing;mobile robots;peer-to-peer
	networks;runway incursion prevention;taxonomy;transportation systems;vehicle
	formations;web surfing;ad hoc networks;mobile computing;mobile radio;mobile
	robots;peer-to-peer computing;protocols;}
}

@article{mobilitykong,
  title={Mobility management for all-IP mobile networks: mobile IPv6 vs. proxy mobile IPv6},
  author={Kong, Ki-Sik and Lee, Wonjun and Han, Youn-Hee and Shin, Myung-Ki and You, HeungRyeol},
  journal={IEEE Wireless communications},
  volume={15},
  number={2},
  year={2008},
  publisher={IEEE}
}

@ARTICLE{mobilitykong2008, 
    author={K. S. Kong and W. Lee and Y. H. Han and M. K. Shin and H. You}, 
    journal={IEEE Wireless Communications}, 
    title={Mobility management for all-IP mobile networks: mobile IPv6 vs. proxy mobile IPv6}, 
    year={2008}, 
    volume={15}, 
    number={2}, 
    pages={36-45}, 
    keywords={Internet;mobility management (mobile radio);transport protocols;IETF NETLMM working group;Internet;all-IP mobile network;mobility management protocol;proxy mobile IPv6;Access protocols;Computer architecture;IP networks;Intelligent networks;Internet;Mobile computing;Mobile radio mobility management;Multiaccess communication;Next generation networking;Personal digital assistants}, 
    doi={10.1109/MWC.2008.4492976}, 
    ISSN={1536-1284}, 
    month={April},
}

@book{pandya2004,
  title={Mobile and personal communication systems and services},
  author={Pandya, Raj},
  volume={13},
  year={2004},
  publisher={John Wiley \& Sons}
}

@misc{ wiki:xxx,
   author = "Wikipedia",
   title = "Open Networking Foundation --- Wikipedia{,} The Free Encyclopedia",
   year = "2017",
   url = "https://en.wikipedia.org/w/index.php?title=Open_Networking_Foundation&oldid=773202699",
   note = "[Online; accessed 12-April-2017]"
 }
 
 @misc{ docsis,
   author = "DOCSIS",
   title = "Data-Over-Cable Service Interface Specifcations, DOCSIS 3.0: MAC and Upper Layer Protocols Interface Specifcation",
   year = "2011",
   url = "https://www.cablelabs.com/wp-content/uploads/2015/08/CM-SP-OSSIv3.0-I05-071206.pdf",
   note = "[Online; accessed 12-November-2017]"
 }
 
 @ARTICLE{xu2014, 
    author={X. Xu and H. Zhang and X. Dai and Y. Hou and X. Tao and P. Zhang}, 
    journal={China Communications}, 
    title="{SDN Based next generation Mobile Network with Service Slicing and trials}", 
    year={2014}, 
    volume={11}, 
    number={2}, 
    pages={65-77}, 
    keywords={Internet;access protocols;mobile antennas;next generation networks;quality of service;radio spectrum management;software radio;5G mobile network evolution;5th generation capacity booming;CP-UP separation;CPE;FNA;Internet networks;MOFP;MiniNet based trial network;QoS;SDN;VRRM;antenna element;central processing entity;control plane-user plane separation;frameless network architecture;mobile Internet services;mobile networks;mobile-oriented OpenFlow protocol;network virtualization;next generation mobile network;quality of service;resource pooling;service slicing;service trials;software-defined network;user-centric scenario;virtualized radio resource management;Computer architecture;Logic gates;Microprocessors;Wireless sensor networks;OpenFlow;SDN;frameless network architecture;network virtualization;service slicing;trial network}, 
    doi={10.1109/CC.2014.6821738}, 
    ISSN={1673-5447}, 
    month={Feb},
}

@inproceedings{arzani2014impact,
  title={Impact of path characteristics and scheduling policies on mptcp performance},
  author={Arzani, Behnaz and Gurney, Alexander and Cheng, Shuotian and Guerin, Roch and Loo, Boon Thau},
  booktitle={Advanced Information Networking and Applications Workshops (WAINA), 2014 28th International Conference on},
  pages={743--748},
  year={2014},
  organization={IEEE}
}

@article{braden1989rfc,
  title={RFC 1122: Requirements for Internet Hosts—Communication Layers, oct 1989},
  author={Braden, R and others},
  journal={WBX017},
  year={1989}
}

@misc{ford2013rfc,
  title={RFC 6824: TCP Extensions for Multipath Operation with Multiple Addresses},
  author={Ford, A and Raiciu, C and Handley, M and Bonaventure, O},
  year={2013},
  publisher={January}
}
 	
@inproceedings{freire2012automated,
  title={Automated deployment and customization of routing overlays on planetlab},
  author={Freire, Claudio Daniel and Quereilhac, Alina and Turletti, Thierry and Dabbous, Walid},
  booktitle={Testbeds and Research Infrastructure. Development of Networks and Communities},
  pages={240--255},
  year={2012},
  publisher={Springer}
}

@article{iyengar2006concurrent,
  title={Concurrent multipath transfer using SCTP multihoming over independent end-to-end paths},
  author={Iyengar, Janardhan R and Amer, Paul D and Stewart, Randall},
  journal={Networking, IEEE/ACM Transactions on},
  volume={14},
  number={5},
  pages={951--964},
  year={2006},
  publisher={IEEE}
}

@article{kim2013improving,
  title={Improving network management with software defined networking},
  author={Kim, Hyojoon and Feamster, Nick},
  journal={Communications Magazine, IEEE},
  volume={51},
  number={2},
  pages={114--119},
  year={2013},
  publisher={IEEE}
}

@article{liao2011introducing,
  title={Introducing multipath selection for concurrent multipath transfer in the future internet},
  author={Liao, Jianxin and Wang, Jingyu and Li, Tonghong and Zhu, Xiaomin},
  journal={Computer Networks},
  volume={55},
  number={4},
  pages={1024--1035},
  year={2011},
  publisher={Elsevier}
}

@inproceedings{nemeth2013large,
  title={A large-scale multipath playground for experimenters and early adopters},
  author={N{\'e}meth, Felici{\'a}n and Sonkoly, Bal{\'a}zs and Csikor, Levente and Guly{\'a}s, Andr{\'a}s},
  booktitle={ACM SIGCOMM Computer Communication Review},
  volume={43},
  number={4},
  pages={481--482},
  year={2013},
  organization={ACM}
}

@article{nunes2014survey,
  title={A survey of software-defined networking: Past, present, and future of programmable networks},
  author={Nunes, B and Mendonca, Marc and Nguyen, X and Obraczka, Katia and Turletti, Thierry},
  year={2014},
  publisher={IEEE}
}

@article{peterson2006design,
  title={The design principles of PlanetLab},
  author={Peterson, Larry and Roscoe, Timothy},
  journal={ACM SIGOPS Operating Systems Review},
  volume={40},
  number={1},
  pages={11--16},
  year={2006},
  publisher={ACM}
}

@inproceedings{raiciu2012hard,
  title={How Hard Can It Be? Designing and Implementing a Deployable Multipath TCP.},
  author={Raiciu, Costin and Paasch, Christoph and Barre, Sebastien and Ford, Alan and Honda, Michio and Duchene, Fabien and Bonaventure, Olivier and Handley, Mark and others},
  booktitle={NSDI},
  volume={12},
  pages={29--29},
  year={2012}
}

@article{rothenberg2010openflow,
  title={OpenFlow e redes definidas por software: um novo paradigma de controle e inova{\c{c}}{\~a}o em redes de pacotes},
  author={Rothenberg, Christian Esteve and Nascimento, Marcelo Ribeiro and Salvador, Marcos Rog{\'e}rio and Magalh{\~a}es, Maur{\'\i}cio Ferreira},
  journal={Cad. CPqD Tecnologia, Campinas},
  volume={7},
  number={1},
  pages={65--76},
  year={2010}
}

@article{schaller1997moore,
  title={Moore's law: past, present and future},
  author={Schaller, Robert R},
  journal={Spectrum, IEEE},
  volume={34},
  number={6},
  pages={52--59},
  year={1997},
  publisher={IEEE}
}

@article{sezer2013we,
  title={Are we ready for SDN? Implementation challenges for software-defined networks},
  author={Sezer, Sakir and Scott-Hayward, Sandra and Chouhan, Pushpinder-Kaur and Fraser, Barbara and Lake, David and Finnegan, Jim and Viljoen, Niel and Miller, Marc and Rao, Navneet},
  journal={Communications Magazine, IEEE},
  volume={51},
  number={7},
  pages={36--43},
  year={2013},
  publisher={IEEE}
}

@inproceedings{sonkoly2014sdn,
  title={SDN based testbeds for evaluating and promoting multipath TCP},
  author={Sonkoly, Bal{\'a}zs and N{\'e}meth, Felici{\'a}n and Csikor, Levente and Guly{\'a}s, L{\'a}szl{\'o} and Guly{\'a}s, Andr{\'a}s},
  booktitle={Communications (ICC), 2014 IEEE International Conference on},
  pages={3044--3050},
  year={2014},
  organization={IEEE}
}

@misc{anonimo2008protocolo,
  title={Protocolo SCTP Stream Control Transmission Protocol},
  author={Anônimo},
  year={2008},
  url = {http://www.inf.ufrgs.br/~cechin/Net/sctp/sctp.html}
}

@techreport{paul2004introducao,
  title={Introdução ao Protocolo de Controle de Fluxo de Transmissão (SCTP), A próxima geração do Protocolo de Controle de Transmissão (TCP)},
  author={Stalvig, Paul},
  year={2004},
  institution={f5networks},
  url = {http://www.f5networks.com.br/pdf/white-papers/introducao-ao-stream-control-transmission-protocol-sctp-wp.pdf}
}

@article{bezerracamada,
  title={A Camada de Transporte},
  author={Bezerra, Romildo Martins and Redes de Computadores, II},
  year={2008},
  institution={CEFET/BA}
}

@article{ong2002introduction,
  title={An introduction to the stream control transmission protocol (SCTP)},
  author={Ong, Lyndon},
  year={2002}
}

@misc{wang2011openflow,
  title={OpenFlow-based server load balancing gone wild},
  author={Wang, Richard and Butnariu, Dana and Rexford, Jennifer and others},
  year={2011},
  publisher={Hot-ICE}
}

@inproceedings{canini2012nice,
  title={A NICE Way to Test OpenFlow Applications.},
  author={Canini, Marco and Venzano, Daniele and Peresini, Peter and Kostic, Dejan and Rexford, Jennifer and others},
  booktitle={NSDI},
  volume={12},
  pages={127--140},
  year={2012}
}

@misc{ofn2012software,
  title="{Open Networking Foundation. Software-Defined Networking: The New Norm for Networks}",
  author="{ONF}",
  url={https://www.opennetworking.org/},
  year={2012}
}
@misc{OFSespec,
  title="{OpenFlow Switch Specification Version 1.5.0}",
  author="{Open Network Foundation}",
  url={https://www.opennetworking.org/images/stories/downloads/sdn-resources/onf-specifications/openflow/openflow-switch-v1.5.0.noipr.pdf},
  month=Dec,
  year={2014},
  lastaccess = {06.04.2017}
}

@inproceedings{vidal2014libfluid,
  title={The libfluid OpenFlow driver implementation},
  author={Vidal, Allan and Rothenberg, Christian Esteve and Verdi, F{\'a}bio Luciano},
  booktitle={Proc. 32nd Brazilian Symp. Comp. Netw.(SBRC)},
  pages={1029--1036},
  year={2014}
}

@misc{vital2015documentation,
  title={libfluid Documentation},
  author={Vidal, Allan and Fernandes, Eder Leão and Rothenberg, Christian Esteve and Salvador, Marcos Rogério},
  year={2015}
}

@misc{nsnam2015what,
  title={What is ns-3},
  author={nsnam.org},
  year={2015},
  url ={https://www.nsnam.org/overview/what-is-ns-3/}
}

@inproceedings{ribeiro2014enabling,
  title={Enabling Efficient Communications with Session Multipathing},
  author={Ribeiro, Israel Luiz Borges and Kimura, Bruno Yuji Lino},
  booktitle={Computer Networks and Distributed Systems (SBRC), 2014 Brazilian Symposium on},
  pages={231--238},
  year={2014},
  organization={IEEE}
}
@misc{nornet2015what,
  title={What is NorNet?},
  year={2015},
  author={nntb.no},
  url={https://www.nntb.no/home/}
}

@misc{kheirkhah2014multipath,
  title={Multipath-TCP in ns-3},
  year={2014},
  author={Kheirkhah, Morteza and Wakeman, Ian and Parisis, George},
  publisher={WNS3-2014},
  note={Poster}
}

@inproceedings{chihani3multipath,
  title={A Multipath TCP model for ns-3 simulator},
  author={Chihani, Bachir and Denis, Collange},
  booktitle={Workshop on ns-3 held in conjunction with SIMUTools 2011}
}

@article{conteratoavaliaccao,
  title={Avalia{\c{c}}{\~a}o do suporte {\`a} simula{\c{c}}{\~a}o de redes OpenFlow no NS-3},
  author={Conterato, Marcelo and de Oliveira, Israel and Ferreto, Tiago and De Rose, C{\'e}sar AF}
}

@inproceedings{tazaki2013direct,
  title={Direct code execution: Revisiting library os architecture for reproducible network experiments},
  author={Tazaki, Hajime and Uarbani, Fr{\'e}d{\'e}ric and Mancini, Emilio and Lacage, Mathieu and C{\^a}mara, Daniel and Turletti, Thierry and Dabbous, Walid},
  booktitle={Proceedings of the ninth ACM conference on Emerging networking experiments and technologies},
  pages={217--228},
  year={2013},
  organization={ACM}
}

@techreport{iso7498a,
    type = {Standard},
    author = {ISO},
    key = {ISO 7498-1:1994},
    month = nov,
    year = {1994},
    title = {7498-1 Information technology – Open Systems Interconnection – Basic Reference Model},
    edition = {2º},
    address = {Geneva, CH},
    institution = {International Organization for Standardization}
}

@inproceedings{ryu_shalimov2013,
 author = {Shalimov, Alexander and Zuikov, Dmitry and Zimarina, Daria and Pashkov, Vasily and Smeliansky, Ruslan},
 title = {Advanced Study of SDN/OpenFlow Controllers},
 booktitle = {Proceedings of the 9th Central \&\#38; Eastern European Software Engineering Conference in Russia},
 series = {CEE-SECR '13},
 year = {2013},
 isbn = {978-1-4503-2641-4},
 location = {Moscow, Russia},
 pages = {1:1--1:6},
 articleno = {1},
 numpages = {6},
 url = {http://doi.acm.org/10.1145/2556610.2556621},
 doi = {10.1145/2556610.2556621},
 acmid = {2556621},
 publisher = {ACM},
 address = {New York, NY, USA},
 keywords = {Haskell, OpenFlow, SDN, controllers evaluation, latency, throughput},
} 

@MISC{ryu_site,
        title = "Ryu Controller",
        howpublished = {\url{http://osrg.github.io/ryu/}},
        note = "acessado em 21/10/2017",
        year = {2017}
        }
        
@INPROCEEDINGS{tcpmigrate, 
author={M. Takahashi and A. Kohiga and T. Sugawara and A. Tanaka}, 
booktitle={2006 1st International Conference on Communication Systems Software Middleware}, 
title={TCP-Migration with Application-Layer Dispatching: A New HTTP Request Distribution Architecture in Locally Distributed Web Server Systems}, 
year={2006}, 
volume={}, 
number={}, 
pages={1-10}, 
keywords={IP networks;Internet;Linux;hypermedia;network servers;telecommunication switching;transport protocols;virtual private networks;HTTP request distribution;L7 switch functionality;Linux 2.4 kernel;NAT mechanism;TCP-migration mechanism;Web server system;Xeon machine;application-layer dispatching;cluster system;hypertext transfer protocol;mini_httpd server;network address transport;packet forwarding;transport control protocol;virtual private IP;wget client;Appropriate technology;Clustering algorithms;Dispatching;Home appliances;Packet switching;Scalability;Service oriented architecture;Switches;TCPIP;Web server}, 
doi={10.1109/COMSWA.2006.1665161}, 
ISSN={}, 
month={},}

@inproceedings{snoeren,
 author = {Snoeren, Alex C. and Balakrishnan, Hari},
 title = {An End-to-end Approach to Host Mobility},
 booktitle = {Proceedings of the 6th Annual International Conference on Mobile Computing and Networking},
 series = {MobiCom '00},
 year = {2000},
 isbn = {1-58113-197-6},
 location = {Boston, Massachusetts, USA},
 pages = {155--166},
 numpages = {12},
 url = {http://doi.acm.org/10.1145/345910.345938},
 doi = {10.1145/345910.345938},
 acmid = {345938},
 publisher = {ACM},
 address = {New York, NY, USA},
} 

@ARTICLE{smsl, 
author={B. Y. L. Kimura and H. C. Guardia and E. d. S. Moreira}, 
journal={IEEE Transactions on Mobile Computing}, 
title={A Session-based Mobile Socket Layer for Disruption Tolerance on the Internet}, 
year={2014}, 
volume={13}, 
number={8}, 
pages={1668-1680}, 
keywords={Client-server systems;Fault tolerance;IP networks;Internet telephony;Network architecture;Wireless networks;Algorithm/protocol design and analysis;Applications;Architectures;Authentication;Client/server;Communication/Networking and Information Technology;Computer Applications;Computer Systems Organization;Distributed Systems;Distributed systems;Internet;Local-Area Networks;Location-dependent and sensitive;Measurements;Mobile Applications;Mobile Computing;Mobile communication systems;Network Architecture and Design;Network Protocols;Nomadic computing;Operating Systems;Organization and Design;Performance;Process Management;Reliability;Security and Privacy Protection;Software/Software Engineering;Special-Purpose and Application-Based Systems;Ubiquitous computing;Wireless communication}, 
doi={10.1109/TMC.2013.76}, 
ISSN={1536-1233}, 
month={Aug},}

@inproceedings{rockracks,
 author = {Zandy, Victor C. and Miller, Barton P.},
 title = {Reliable Network Connections},
 booktitle = {Proceedings of the 8th Annual International Conference on Mobile Computing and Networking},
 series = {MobiCom '02},
 year = {2002},
 isbn = {1-58113-486-X},
 location = {Atlanta, Georgia, USA},
 pages = {95--106},
 numpages = {12},
 url = {http://doi.acm.org/10.1145/570645.570657},
 doi = {10.1145/570645.570657},
 acmid = {570657},
 publisher = {ACM},
 address = {New York, NY, USA},
 keywords = {network connection mobility},
} 
%**************************************
@misc{abntex2-wiki-como-customizar,
	Author = {abnTeX2},
	Date-Added = {2013-03-23 21:39:21 +0000},
	Date-Modified = {2013-03-23 21:44:20 +0000},
	Howpublished = {Wiki do abnTeX2},
	Keywords = {wiki},
	Title = {Como customizar o abnTeX2},
	Url = {https://code.google.com/p/abntex2/wiki/ComoCustomizar},
	Urlaccessdate = {23.3.2013},
	Year = {2013},
	Bdsk-Url-1 = {https://code.google.com/p/abntex2/wiki/ComoCustomizar}}

@manual{talbot2012,
	Author = {Nicola L.C. Talbot},
	Date-Added = {2013-03-11 12:06:04 +0000},
	Date-Modified = {2013-03-11 12:06:56 +0000},
	Month = {11},
	Title = {User Manual for glossaries.sty},
	Url = {http://mirrors.ctan.org/macros/latex/contrib/glossaries/glossaries-user.pdf},
	Urlaccessdate = {11.3.2013},
	Year = {2012},
	Bdsk-Url-1 = {http://mirrors.ctan.org/macros/latex/contrib/glossaries/glossaries-user.pdf}}

@manual{babel,
	Author = {Johannes Braams},
	Date-Added = {2013-02-17 13:37:14 +0000},
	Date-Modified = {2013-02-17 13:38:38 +0000},
	Month = {April},
	Title = {Babel, a multilingual package for use with LATEX's standard document classes},
	Url = {http://mirrors.ctan.org/info/babel/babel.pdf},
	Urlaccessdate = {17.2.2013},
	Year = {2008},
	Bdsk-Url-1 = {http://mirrors.ctan.org/info/babel/babel.pdf}}

@manual{abntex2modelo-artigo,
	Annote = {Este documento {\'e} derivado do \cite{abnt-bibtex-doc}},
	Author = {abnTeX2},
	Date-Added = {2013-01-15 00:10:35 +0000},
	Date-Modified = {2013-02-04 12:05:47 +0000},
	Organization = {Equipe abnTeX2},
	Title = {Modelo Can{\^o}nico de Artigo Cient{\'\i}fico com abnTeX2},
	Url = {http://abntex2.googlecode.com/},
	Year = {2013},
	Bdsk-Url-1 = {http://code.google.com/p/abntex2/}}

@manual{abntex2modelo-relatorio,
	Annote = {Este documento {\'e} derivado do \cite{abnt-bibtex-doc}},
	Author = {abnTeX2},
	Date-Added = {2013-01-15 00:05:34 +0000},
	Date-Modified = {2013-02-04 12:05:50 +0000},
	Organization = {Equipe abnTeX2},
	Title = {Modelo Can{\^o}nico de Relat{\'o}rio T{\'e}cnico e/ou Cient{\'\i}fico com abnTeX2},
	Url = {http://abntex2.googlecode.com/},
	Year = {2013},
	Bdsk-Url-1 = {http://code.google.com/p/abntex2/}}

@manual{abntex2modelo,
	Annote = {Este documento {\'e} derivado do \cite{abnt-bibtex-doc}},
	Author = {abnTeX2},
	Date-Added = {2013-01-12 22:55:32 +0000},
	Date-Modified = {2013-02-04 12:05:54 +0000},
	Organization = {Equipe abnTeX2},
	Title = {Modelo Can{\^o}nico de Trabalho Acad{\^e}mico com abnTeX2},
	Url = {http://abntex2.googlecode.com/},
	Year = {2013},
	Bdsk-Url-1 = {http://code.google.com/p/abntex2/}}

@mastersthesis{araujo2012,
	Address = {Bras{\'\i}lia},
	Author = {Lauro C{\'e}sar Araujo},
	Date-Added = {2013-01-09 11:04:42 +0000},
	Date-Modified = {2013-01-09 11:04:42 +0000},
	Month = {Mar{\c c}o},
	School = {Universidade de Bras{\'\i}lia},
	Subtitle = {uma perspectiva de Arquitetura da Informa{\c c}{\~a}o da Escola de Bras{\'\i}lia},
	Title = {Configura{\c c}{\~a}o},
	Year = {2012}}

@manual{memoir,
	Address = {Normandy Park, WA},
	Author = {Peter Wilson and Lars Madsen},
	Date-Added = {2013-01-09 10:37:50 +0000},
	Date-Modified = {2013-03-21 13:23:25 +0000},
	Organization = {The Herries Press},
	Title = {The Memoir Class for Configurable Typesetting - User Guide},
	Url = {http://mirrors.ctan.org/macros/latex/contrib/memoir/memman.pdf},
	Urlaccessdate = {19.12.2012},
	Year = {2010},
	Bdsk-Url-1 = {http://ctan.tche.br/macros/latex/contrib/memoir/memman.pdf}}

@manual{abntex2cite-alf,
	Annote = {Este documento {\'e} derivado do \cite{abnt-bibtex-alf-doc}},
	Author = {abnTeX2 and Lauro C{\'e}sar Araujo},
	Date-Added = {2013-01-09 10:37:45 +0000},
	Date-Modified = {2013-04-05 11:03:05 +0000},
	Organization = {Equipe abnTeX2},
	Title = {O pacote abntex2cite: t{\'o}picos espec{\'\i}ficos da ABNT NBR 10520:2002 e o estilo bibliogr{\'a}fico alfab{\'e}tico (sistema autor-data},
	Url = {http://abntex2.googlecode.com/},
	Year = {2013},
	Bdsk-Url-1 = {http://code.google.com/p/abntex2/}}

@manual{abntex2cite,
	Annote = {Este documento {\'e} derivado do \cite{abnt-bibtex-doc}},
	Author = {abnTeX2 and Lauro C{\'e}sar Araujo},
	Date-Added = {2013-01-09 10:37:45 +0000},
	Date-Modified = {2013-04-05 10:47:36 +0000},
	Organization = {Equipe abnTeX2},
	Title = {O pacote abntex2cite: Estilos bibliogr{\'a}ficos compat{\'\i}veis com a ABNT NBR 6023},
	Url = {http://abntex2.googlecode.com/},
	Year = {2013},
	Bdsk-Url-1 = {http://code.google.com/p/abntex2/}}

@manual{abntex2classe,
	Author = {abnTeX2 and Lauro C{\'e}sar Araujo},
	Date-Added = {2013-01-09 10:37:38 +0000},
	Date-Modified = {2013-04-05 11:03:48 +0000},
	Organization = {Equipe abnTeX2},
	Title = {A classe abntex2: Modelo can{\^o}nico de trabalhos acad{\^e}micos brasileiros compat{\'\i}vel com as normas ABNT NBR 14724:2011, ABNT NBR 6024:2012 e outras},
	Url = {http://abntex2.googlecode.com/},
	Year = {2013},
	Bdsk-Url-1 = {http://code.google.com/p/abntex2/}}

@manual{NBR10520:2002,
	Address = {Rio de Janeiro},
	Date-Added = {2012-12-15 21:43:38 +0000},
	Date-Modified = {2013-01-12 22:17:20 +0000},
	Month = aug,
	Org-Short = {ABNT},
	Organization = {Associa{\c c}\~ao Brasileira de Normas T\'ecnicas},
	Pages = 7,
	Subtitle = {Informa{\c c}\~ao e documenta{\c c}\~ao --- Apresenta{\c c}\~ao de cita{\c c}\~oes em documentos},
	Title = {{NBR} 10520},
	Year = 2002}

@manual{NBR6024:2012,
	Address = {Rio de Janeiro},
	Date-Added = {2012-12-15 21:24:06 +0000},
	Date-Modified = {2012-12-15 21:24:28 +0000},
	Month = feb,
	Org-Short = {ABNT},
	Organization = {Associa{\c c}\~ao Brasileira de Normas T\'ecnicas},
	Pages = 4,
	Subtitle = {Numera{\c c}\~ao progressiva das se{\c c}\~oes de um documento},
	Title = {{NBR} 6024},
	Year = 2012}

@manual{NBR6028:2003,
	Address = {Rio de Janeiro},
	Date-Added = {2012-12-15 21:02:12 +0000},
	Date-Modified = {2012-12-15 21:02:50 +0000},
	Month = nov,
	Org-Short = {ABNT},
	Organization = {Associa{\c c}\~ao Brasileira de Normas T\'ecnicas},
	Pages = 2,
	Subtitle = {Resumo - Apresenta{\c c}{\~a}o},
	Title = {{NBR} 6028},
	Year = 2003}

@manual{NBR14724:2002,
	Address = {Rio de Janeiro},
	Date-Added = {2012-12-15 20:34:17 +0000},
	Date-Modified = {2012-12-15 20:34:17 +0000},
	Month = aug,
	Note = {Substitui a Ref.~\citeonline{NBR14724:2001}},
	Org-Short = {ABNT},
	Organization = {Associa{\c c}\~ao Brasileira de Normas T\'ecnicas},
	Pages = 6,
	Subtitle = {Informa{\c c}\~ao e documenta{\c c}\~ao --- trabalhos acad\^emicos --- apresenta{\c c}\~ao},
	Title = {{NBR} 14724},
	Year = 2002}

@manual{NBR14724:2001,
	Address = {Rio de Janeiro},
	Date-Added = {2012-12-15 20:34:08 +0000},
	Date-Modified = {2012-12-15 20:34:08 +0000},
	Month = jul,
	Org-Short = {ABNT},
	Organization = {Associa{\c c}\~ao Brasileira de Normas T\'ecnicas},
	Pages = 6,
	Subtitle = {Informa{\c c}\~ao e documenta{\c c}\~ao --- trabalhos acad\^emicos --- apresenta{\c c}\~ao},
	Title = {{NBR} 14724},
	Year = 2001}

@manual{NBR14724:2011,
	Address = {Rio de Janeiro},
	Date-Added = {2012-12-15 20:34:08 +0000},
	Date-Modified = {2012-12-15 20:35:25 +0000},
	Month = mar,
	Note = {Substitui a Ref.~\citeonline{NBR14724:2005}},
	Org-Short = {ABNT},
	Organization = {Associa{\c c}\~ao Brasileira de Normas T\'ecnicas},
	Pages = 15,
	Subtitle = {Informa{\c c}\~ao e documenta{\c c}\~ao --- trabalhos acad\^emicos --- apresenta{\c c}\~ao},
	Title = {{NBR} 14724},
	Year = 2011}

@article{van86,
	Author = {{van}, Gigch, John P. and Leo L. Pipino},
	Journal = {Future Computing Systems},
	Number = {1},
	Pages = {71-97},
	Title = {In search for a paradigm for the discipline of information systems},
	Volume = {1},
	Year = {1986}}

@phdthesis{guizzardi2005,
	Address = {Enschede, The Netherlands},
	Author = {Giancarlo Guizzardi},
	Date-Added = {2012-04-23 11:35:28 +0000},
	Date-Modified = {2012-04-23 11:35:28 +0000},
	School = {Centre for Telematics and Information Technology, University of Twente},
	Title = {Ontological Foundations for Structural Conceptual Models},
	Url = {http://www.loa.istc.cnr.it/Guizzardi/SELMAS-CR.pdf},
	Urlaccessdate = {3.7.2011},
	Year = {2005},
	Bdsk-Url-1 = {http://www.loa.istc.cnr.it/Guizzardi/SELMAS-CR.pdf}}

@mastersthesis{macedo2005,
	Author = {Fl{\'a}via L. Macedo},
	Date-Added = {2012-04-23 11:35:13 +0000},
	Date-Modified = {2012-04-23 11:35:13 +0000},
	Keywords = {arquitetura da informa{\c c}{\~a}o},
	School = {Universidade de Bras{\'\i}lia},
	Title = {Arquitetura da Informa{\c c}{\~a}o: aspectos espistemol{\'o}gicos, cient{\'\i}ficos e pr{\'a}ticos.},
	Type = {Disserta{\c c}{\~a}o de Mestrado},
	Year = {2005}}

@manual{EIA649B,
	Address = {EUA},
	Date-Added = {2012-04-23 11:34:59 +0000},
	Date-Modified = {2012-04-23 11:34:59 +0000},
	Keywords = {norma},
	Month = {June},
	Organization = {TechAmerica},
	Title = {ANSI/EIA 649-B: Configuration Management Standard},
	Year = {2011}}

@inproceedings{masolo2010,
	Author = {Claudio Masolo},
	Booktitle = {Proceedings of the Twelfth International Conference on the Principles of Knowledge Representation and Reasoning (KR 2010)},
	Date-Added = {2012-04-23 11:34:38 +0000},
	Date-Modified = {2012-04-23 11:34:38 +0000},
	Editor = {Lin, F. and Sattler, U.},
	Pages = {258-268},
	Publisher = {AAAI Press},
	Title = {Understanding Ontological Levels},
	Url = {http://wiki.loa-cnr.it/Papers/kr10v0.7.pdf},
	Urlaccessdate = {2.1.2012},
	Year = {2010},
	Bdsk-Url-1 = {http://wiki.loa-cnr.it/Papers/kr10v0.7.pdf}}

@inbook{guarino1995,
	Address = {Vienna},
	Author = {Nicola Guarino},
	Booktitle = {Philosophy and the Cognitive Science},
	Date-Added = {2012-04-23 11:34:29 +0000},
	Date-Modified = {2012-04-23 11:34:29 +0000},
	Editor = {R. Casati and B. Smith and G. White},
	Month = {September},
	Pages = {443-456},
	Publisher = {Holder-Pivhler-Tempsky},
	Title = {The Ontological Level},
	Url = {http://wiki.loa-cnr.it/Papers/OntLev.pdf},
	Urlaccessdate = {2.1.2012},
	Year = {1995},
	Bdsk-Url-1 = {http://wiki.loa-cnr.it/Papers/OntLev.pdf}}

@incollection{bates2010,
	Address = {New York},
	Author = {Marcia J. Bates},
	Booktitle = {Encyclopedia of Library and Information Sciences},
	Date-Added = {2012-04-23 11:34:29 +0000},
	Date-Modified = {2012-04-23 11:34:29 +0000},
	Edition = {3rd},
	Editor = {Marcia J. Bates and Mary Niles Maack},
	Pages = {2347-2360},
	Publisher = {CRC Press},
	Title = {Information},
	Url = {http://pages.gseis.ucla.edu/faculty/bates/articles/information.html},
	Urlaccessdate = {24.10.2011},
	Volume = {3},
	Year = {2010},
	Bdsk-Url-1 = {http://pages.gseis.ucla.edu/faculty/bates/articles/information.html}}

@book{doxiadis1965,
	Author = {Constantinos A. Doxiadis},
	Date-Added = {2012-04-23 11:34:20 +0000},
	Date-Modified = {2012-04-23 11:34:20 +0000},
	Publisher = {Ceira - Coimbra},
	Title = {Arquitetura em Transi{\c c}{\~a}o},
	Year = {1965}}

@book{dewey1980,
	Address = {New York, NY, USA},
	Author = {John Dewey},
	Date-Added = {2012-04-23 11:34:16 +0000},
	Date-Modified = {2012-04-23 11:34:16 +0000},
	Publisher = {Perigee Books},
	Title = {Art as Experience},
	Year = {1980}
}

@BOOK{ieee8023, 
author={Kaveh Pahlavan and Prashant Krishnamurthy}, 
booktitle={Networking Fundamentals:Wide, Local and Personal Area Communications}, 
title={IEEE 802.3 Ethernet}, 
year={2009}, 
pages={656-}, 
keywords={EPON;IEEE 802.3 Standard;Industries;Local area networks;Protocols;Wiring}, 
doi={10.1002/9780470779422.ch8}, 
publisher={Wiley Telecom}, 
isbn={9780470779422}, 
url={http://ieeexplore.ieee.org/xpl/articleDetails.jsp?arnumber=8042052},}

@BOOK{ieee80211, 
author={Samrat Ganguly and Sudeept Bhatnagar}, 
booktitle={VoIP:Wireless, P2P and New Enterprise Voice over IP}, 
title={IEEE 802.11 Wireless Networks}, 
year={2008}, 
volume={}, 
number={}, 
pages={276-}, 
keywords={Ad hoc networks;Authentication;IEEE 802.11 Standard;Protocols;Sensors;Wireless LAN;Wireless networks}, 
doi={10.1002/9780470997925.ch10}, 
publisher={Wiley Telecom}, 
isbn={9780470997925}, 
url={http://ieeexplore.ieee.org/xpl/articleDetails.jsp?arnumber=8042162},}

@techreport{RFC5213,
  author = {S. Gundavelli and K. Leung and V. Devarapalli and K. Chowdhury and B. Patil},
  title = {Proxy Mobile IPv6},
  howpublished = {Internet Requests for Comments},
  type = {RFC},
  number = {5213},
  year = {2008},
  month = {August},
  issn = {2070-1721},
  publisher = {RFC Editor},
  institution = {RFC Editor},
  url = {http://www.rfc-editor.org/rfc/rfc5213.txt},
  note = {\url{http://www.rfc-editor.org/rfc/rfc5213.txt}},
}

@article{shell_script-taylor,
 author = {Taylor, Dave},
 title = {Work the Shell: Understanding Shell Script Shorthand},
 journal = {Linux J.},
 issue_date = {March 2008},
 volume = {2008},
 number = {167},
 month = mar,
 year = {2008},
 issn = {1075-3583},
 articleno = {10},
 url = {http://dl.acm.org/citation.cfm?id=1371235.1371245},
 acmid = {1371245},
 publisher = {Belltown Media},
 address = {Houston, TX},
} 

@book{jargas2008shell,
  title={Shell Script Profissional: },
  author={Jargas, A.M.},
  isbn={9788575221525},
  url={https://books.google.com.br/books?id=snmJepzoNfgC},
  year={2008},
  publisher={NOVATEC}
}

@misc{rouse2007nomadic,
  title={Nomadic computing (Mobile computing)},
  author={Rouse, Margaret},
  year={2007},
  publisher={TechTarget}
}
@misc{ryucomponentes,
  title={RYU OpenFlow Controller},
  author={Dean Pemberton, Andy Linton, Sam Russel},
  year={2014},
  publisher={University of Oregon},
  url={https://nsrc.org/workshops/2014/nznog-sdn/raw-attachment/wiki/WikiStart/Ryu.pdf},
  note={slides}
}
@article{lyytinen2002ubiquitous,
  title={Ubiquitous computing},
  author={Lyytinen, Kalle and Yoo, Youngjin},
  journal={Communications of the ACM},
  volume={45},
  number={12},
  pages={63--96},
  year={2002}
}
@comment{jabref-meta: selector_review:}

@comment{jabref-meta: selector_publisher:}

@comment{jabref-meta: selector_author:}

@comment{jabref-meta: selector_journal:}

@comment{jabref-meta: selector_keywords:}
